@book{ast_wit2011,
  author = "{\AA}str{\"o}m, Karl Johan and Wittenmark, Bj{\"o}rn",
  title = "Computer-Controlled Systems",
  year = 2011,
  publisher = "Dover Publications",
}
@article{gtrm,
  author = "Martina Maggio, Enrico Bini, Georgios Chasparis, Karl-Erik Årzén",
  title = "A Game-Theoretic Resource Manager for RT Applications",
  year = 2013
}


@article{actors1,
  author = "E. Bini, G. C. Buttazzo, J. Eker S.Schorr, R. Guerra, G. Fohler, K .-E. Arzén, R. Vanessa,C. Scordino",
  title = "Resource management on multicore systems: The ACTORS approach",
  year = "2011",
  journaltitle =  "IEEE Micro",
  volume = "vol. 31",
  number ="3",
  pages ="72–81", 
}

@online{cgroups,
ALTauthor = {author},
ALTeditor = {editor},
title = {title},
date = {date},
url = {url},
OPTsubtitle = {subtitle},
OPTtitleaddon = {titleaddon},
OPTlanguage = {language},
OPTversion = {version},
OPTnote = {note},
OPTorganization = {organization},
OPTdate = {date},
OPTmonth = {month},
OPTyear = {year},
OPTaddendum = {addendum},
OPTpubstate = {pubstate},
OPTurldate = {urldate},
}








